@article{HARJUNKOSKI2014161,
title = "Scope for industrial applications of production scheduling models and solution methods",
journal = "Computers \& Chemical Engineering",
volume = "62",
number = "Supplement C",
pages = "161 - 193",
year = "2014",
issn = "0098-1354",
doi = "https://doi.org/10.1016/j.compchemeng.2013.12.001",
url = "http://www.sciencedirect.com/science/article/pii/S0098135413003682",
author = "Iiro Harjunkoski and Christos T. Maravelias and Peter Bongers and Pedro M. Castro and Sebastian Engell and Ignacio E. Grossmann and John Hooker and Carlos Méndez and Guido Sand and John Wassick",
keywords = "Scheduling, Industrial applications, Best practices, Integration, Challenges"
}

@article{MENDEZ,
title = "State-of-the-art review of optimization methods for short-term scheduling of batch processes",
journal = "Computers \& Chemical Engineering",
volume = "30",
number = "6",
pages = "913 - 946",
year = "2006",
issn = "0098-1354",
doi = "https://doi.org/10.1016/j.compchemeng.2006.02.008",
url = "http://www.sciencedirect.com/science/article/pii/S0098135406000287",
author = "Carlos A. M\'endez and Jaime Cerd\'a and Ignacio E. Grossmann and Iiro Harjunkoski and Marco Fahl",
keywords = "Short-term scheduling, Optimization models, Batch processes, MILP"
}

@article{KONDILI1993211,
title = "A general algorithm for short-term scheduling of batch operations -- I. MILP formulation",
journal = "Computers \& Chemical Engineering",
volume = "17",
number = "2",
pages = "211 - 227",
year = "1993",
issn = "0098-1354",
doi = "https://doi.org/10.1016/0098-1354(93)80015-F",
url = "http://www.sciencedirect.com/science/article/pii/009813549380015F",
author = "E. Kondili and C.C. Pantelides and R.W.H. Sargent"
}

@article{LIN20041069,
title = "A new robust optimization approach for scheduling under uncertainty:: I. Bounded uncertainty",
journal = "Computers \& Chemical Engineering",
volume = "28",
number = "6",
pages = "1069 - 1085",
year = "2004",
note = "FOCAPO 2003 Special issue",
issn = "0098-1354",
doi = "https://doi.org/10.1016/j.compchemeng.2003.09.020",
url = "http://www.sciencedirect.com/science/article/pii/S0098135403002436",
author = "Xiaoxia Lin and Stacy L. Janak and Christodoulos A. Floudas",
keywords = "Process scheduling, Uncertainty, Robust optimization, MILP, Bounded uncertainty"
}

@article{JANAK2007171,
title = "A new robust optimization approach for scheduling under uncertainty: II. Uncertainty with known probability distribution",
journal = "Computers \& Chemical Engineering",
volume = "31",
number = "3",
pages = "171 - 195",
year = "2007",
issn = "0098-1354",
doi = "https://doi.org/10.1016/j.compchemeng.2006.05.035",
url = "http://www.sciencedirect.com/science/article/pii/S0098135406001591",
author = "Stacy L. Janak and Xiaoxia Lin and Christodoulos A. Floudas",
keywords = "Process scheduling, Uncertainty, Robust optimization, MILP, Probability distribution"
}

@article{LiIerapetritou,
author = {Li, Zukui and Ierapetritou, Marianthi G.},
title = {Robust Optimization for Process Scheduling Under Uncertainty},
journal = {Industrial \& Engineering Chemistry Research},
volume = {47},
number = {12},
pages = {4148-4157},
year = {2008},
doi = {10.1021/ie071431u},
URL = {http://dx.doi.org/10.1021/ie071431u},
eprint = {http://dx.doi.org/10.1021/ie071431u}
}

@article {lappas,
author = {Lappas, Nikolaos H. and Gounaris, Chrysanthos E.},
title = {Multi-stage adjustable robust optimization for process scheduling under uncertainty},
journal = {AIChE Journal},
volume = {62},
number = {5},
issn = {1547-5905},
url = {http://dx.doi.org/10.1002/aic.15183},
doi = {10.1002/aic.15183},
pages = {1646--1667},
keywords = {process scheduling, uncertainty, robust optimization},
year = {2016},
}


@article{Castro,
author = {Castro, Pedro M. and Barbosa-Póvoa, Ana P. and Matos, Henrique A. and Novais, Augusto Q.},
title = {Simple Continuous-Time Formulation for Short-Term Scheduling of Batch and Continuous Processes},
journal = {Industrial \& Engineering Chemistry Research},
volume = {43},
number = {1},
pages = {105-118},
year = {2004},
doi = {10.1021/ie0302995},

URL = { 
        http://dx.doi.org/10.1021/ie0302995
    
},
eprint = { 
        http://dx.doi.org/10.1021/ie0302995
    
}

}

@article{Karimi,
title = "A simpler better slot-based continuous-time formulation for short-term scheduling in multipurpose batch plants",
journal = "Chemical Engineering Science",
volume = "60",
number = "10",
pages = "2679 - 2702",
year = "2005",
issn = "0009-2509",
doi = "https://doi.org/10.1016/j.ces.2004.12.023",
url = "http://www.sciencedirect.com/science/article/pii/S0009250905000096",
author = "Arul Sundaramoorthy and I.A. Karimi",
keywords = "Scheduling, Multipurpose, Batch plants, Continuous-time formulation, MILP, Synchronous slots"
}

@article{Ierapetritou,
author = {Ierapetritou, M. G. and Floudas, C. A.},
title = {Effective Continuous-Time Formulation for Short-Term Scheduling. 1. Multipurpose Batch Processes},
journal = {Industrial \& Engineering Chemistry Research},
volume = {37},
number = {11},
pages = {4341-4359},
year = {1998},
doi = {10.1021/ie970927g},

URL = { 
        http://dx.doi.org/10.1021/ie970927g
    
},
eprint = { 
        http://dx.doi.org/10.1021/ie970927g
    
}

}

@article{Gimenez,
title = "A novel network-based continuous-time representation for process scheduling: Part I. Main concepts and mathematical formulation",
journal = "Computers \& Chemical Engineering",
volume = "33",
number = "9",
pages = "1511 - 1528",
year = "2009",
issn = "0098-1354",
doi = "https://doi.org/10.1016/j.compchemeng.2009.03.007",
url = "http://www.sciencedirect.com/science/article/pii/S0098135409000714",
author = "Diego M. Gim\'enez and Gabriela P. Henning and Christos T. Maravelias",
keywords = "Process scheduling, Network-based continuous-time representation, Mixed-integer linear programming"
}

@article{Maravelias,
author = {Maravelias, Christos T. and Grossmann, Ignacio E.},
title = {New General Continuous-Time State−Task Network Formulation for Short-Term Scheduling of Multipurpose Batch Plants},
journal = {Industrial \& Engineering Chemistry Research},
volume = {42},
number = {13},
pages = {3056-3074},
year = {2003},
doi = {10.1021/ie020923y},

URL = { 
        http://dx.doi.org/10.1021/ie020923y
    
},
eprint = { 
        http://dx.doi.org/10.1021/ie020923y
    
}

}

@article{SHAH1993229,
title = "A general algorithm for short-term scheduling of batch operations - II. Computational issues",
journal = "Computers \& Chemical Engineering",
volume = "17",
number = "2",
pages = "229 - 244",
year = "1993",
note = "An International Journal of Computer Applications in Chemical Enginnering",
issn = "0098-1354",
doi = "https://doi.org/10.1016/0098-1354(93)80016-G",
url = "http://www.sciencedirect.com/science/article/pii/009813549380016G",
author = "N. Shah and C.C. Pantelides and R.W.H. Sargent"
}

@article{SAHINIDIS199185,
title = "MINLP model for cyclic multiproduct scheduling on continuous parallel lines",
journal = "Computers \& Chemical Engineering",
volume = "15",
number = "2",
pages = "85 - 103",
year = "1991",
issn = "0098-1354",
doi = "https://doi.org/10.1016/0098-1354(91)87008-W",
url = "http://www.sciencedirect.com/science/article/pii/009813549187008W",
author = "N.V. Sahinidis and I.E. Grossmann"
}

@article{VANNISSELROOYA1993263,
title = "Superclaus reduces \ce{SO2} emission by the use of a new selective oxidation catalyst",
journal = "Catalysis Today",
volume = "16",
number = "2",
pages = "263 - 271",
year = "1993",
note = "",
issn = "0920-5861",
doi = "http://dx.doi.org/10.1016/0920-5861(93)85023-S",
url = "http://www.sciencedirect.com/science/article/pii/092058619385023S",
author = "P.F.M.T. van Nisselrooy and J.A. Lagas",
}

@article{Babich2003607,
title = "Science and technology of novel processes for deep desulfurization of oil refinery streams: a review",
journal = "Fuel ",
volume = "82",
number = "6",
pages = "607 - 631",
year = "2003",
note = "",
issn = "0016-2361",
doi = "http://dx.doi.org/10.1016/S0016-2361(02)00324-1",
url = "http://www.sciencedirect.com/science/article/pii/S0016236102003241",
author = "I.V Babich and J.A Moulijn",
keywords = "Oil refinery",
keywords = "Sulfur removal",
keywords = "Hydrodesulfurization ",
}

@article{JCTB:JCTB4604,
author = {Ha, Ying and Guo, Benshuai and Li, Yonghong},
title = {Sensitivity and economic analysis of a catalytic distillation process for alkylation desulfurization of fluid catalytic cracking (FCC) gasoline},
journal = {Journal of Chemical Technology \& Biotechnology},
publisher = {John Wiley \& Sons, Ltd},
issn = {1097-4660},
url = {http://dx.doi.org/10.1002/jctb.4604},
doi = {10.1002/jctb.4604},
keywords = {desulfurization, FCC gasoline, OATS process, catalytic distillation},
year = {2014},
}

@article{doi:10.1021/ef401075x,
author = {Haitao Shen and Benxian Shen and Hao Ling},
title = {Desulfurization of Fluid Catalytic Cracking Gasoline by Extractive Distillation Coupled with Hydrodesulfurization of Heavy Fraction},
journal = {Energy \& Fuels},
volume = {27},
number = {9},
pages = {5153-5160},
year = {2013},
doi = {10.1021/ef401075x},
URL = {http://dx.doi.org/10.1021/ef401075x},
eprint = {http://dx.doi.org/10.1021/ef401075x}
}

@article{Breysse2003129,
title = "Deep desulfurization: reactions, catalysts and technological challenges ",
journal = "Catalysis Today ",
volume = "84",
number = "3–4",
pages = "129 - 138",
year = "2003",
note = "Catalysis for the Environment and New Energy Sources ",
issn = "0920-5861",
doi = "http://dx.doi.org/10.1016/S0920-5861(03)00266-9",
url = "http://www.sciencedirect.com/science/article/pii/S0920586103002669",
author = "Mich\`ele Breysse and G\'erald Djega-Mariadassou and St\'ephanie Pessayre and Christophe Geantet and Michel Vrinat and Guy P\'erot and Marc Lemaire",
keywords = "Hydrodesulfurization",
keywords = "Kinetics",
keywords = "Hydrotreating catalysts",
keywords = "Zeolite",
keywords = "Charge transfer complexes "
}

@article{Souza2015217,
title = "Hydrodesulfurization of dibenzothiophene over PtMo/MCM-48 catalysts ",
journal = "Catalysis Communications ",
volume = "69",
number = "",
pages = "217 - 222",
year = "2015",
note = "",
issn = "1566-7367",
doi = "http://dx.doi.org/10.1016/j.catcom.2015.07.004",
url = "http://www.sciencedirect.com/science/article/pii/S1566736715300121",
author = "Marcelo J.B. Souza and Anne M. Garrido Pedrosa and Juan A. Cecilia and Antonio M. Gil-Mora and Enrique Rodr\'iguez-Castell\'on",
keywords = "Hydrodesulfurization",
keywords = "MCM-48",
keywords = "XPS "
}

@article{Wang2009206,
title = "Deep hydrodesulfurization over Co/Mo catalysts supported on oxides containing vanadium ",
journal = "Journal of Catalysis ",
volume = "262",
number = "2",
pages = "206 - 214",
year = "2009",
note = "",
issn = "0021-9517",
doi = "http://dx.doi.org/10.1016/j.jcat.2008.12.012",
url = "http://www.sciencedirect.com/science/article/pii/S0021951708004697",
author = "ChihMing Wang and TsengChang Tsai and Ikai Wang",
keywords = "Hydrodesulfurization",
keywords = "Cobalt–molybdenum sulfides",
keywords = "Dibenzothiophene",
keywords = "4,6-Dimethyldibenzothiophene",
keywords = "Titania",
keywords = "Zirconia",
keywords = "Vanadium oxide",
keywords = "Mixed oxides "
}

@article{SilvaRodrigo20152,
title = "Synthesis, characterization and catalytic properties of NiMoP/MCM41-$\gamma$\ce{Al2O3} catalysts for DBT hydrodesulfurization ",
journal = "Catalysis Today ",
volume = "250",
number = "",
pages = "2 - 11",
year = "2015",
note = "Special Issue on selected contributions of the 6th International Symposium on Catalysis on Advanced Materials, Cancun, Mexico, August 11-15, 2013. ",
issn = "0920-5861",
doi = "http://dx.doi.org/10.1016/j.cattod.2014.09.007",
url = "http://www.sciencedirect.com/science/article/pii/S0920586114006269",
author = "R. Silva-Rodrigo and H. Castillo Jimenez and A. Guevara-Lara and J.A. Melo-Banda and A. Olivas Sarabia and A.I. Reyes de la Torre and F. Morteo Flores and A. Castillo Mares",
keywords = "Hydrodesulfurization",
keywords = "Sol–gel γ-Al2O3",
keywords = "Mesoporous NiMoP/MCM41-γ-Al2O3 catalysts",
keywords = "Raman "
}

@incollection{tagkey2007217,
title = "Chapter 8 -- Selection of catalysts for commercial hydroprocessing reactors ",
author = "Edward Furimsky",
booktitle = "Catalysts for Upgrading Heavy Petroleum Feeds",
publisher = "Elsevier",
year = "2007",
volume = "169",
pages = "217 - 235",
series = "Studies in Surface Science and Catalysis ",
issn = "0167-2991",
doi = "http://dx.doi.org/10.1016/S0167-2991(07)80229-1",
url = "http://www.sciencedirect.com/science/article/pii/S0167299107802291",
key = "tagkey2007217"
}

@incollection{Mokhatab2015301,
title = "Chapter 9 - Sulfur Recovery and Handling ",
booktitle = "Handbook of Natural Gas Transmission and Processing (Third Edition) ",
publisher = "Gulf Professional Publishing",
address = "Boston",
year = "2015",
pages = "301 - 334",
isbn = "978-0-12-801499-8",
doi = "http://dx.doi.org/10.1016/B978-0-12-801499-8.00009-2",
url = "http://www.sciencedirect.com/science/article/pii/B9780128014998000092",
author = "Saeid Mokhatab and William A. Poe and John Y. Mak",
keywords = "Acid gas injection",
keywords = "Design considerations",
keywords = "Elemental sulfur",
keywords = "Sulfur recovery methods",
keywords = "Sulfur storage and transportation "
}



@incollection{Speight201369,
title = "Chapter 4 - Hydrotreating and Desulfurization ",
author = "James G. Speight",
booktitle = "Heavy and Extra-heavy Oil Upgrading Technologies ",
publisher = "Gulf Professional Publishing",
edition = "",
address = "Boston",
year = "2013",
pages = "69 - 94",
isbn = "978-0-12-404570-5",
doi = "http://dx.doi.org/10.1016/B978-0-12-404570-5.00004-1",
url = "http://www.sciencedirect.com/science/article/pii/B9780124045705000041",
keywords = "Downflow fixed-bed reactor",
keywords = "upflow expanded-bed reactor",
keywords = "demetallization reactor",
keywords = "process flow",
keywords = "feedstock properties",
keywords = "reaction temperature",
keywords = "hydrogen partial pressure",
keywords = "gas recycle",
keywords = "coke formation",
keywords = "catalyst technology",
keywords = "resid desulfurization",
keywords = "vacuum resid desulfurization",
keywords = "residfining",
keywords = "biodesulfurization "
}

@article{Domanska201440,
title = "Extraction desulfurization process of fuels with ionic liquids ",
journal = "The Journal of Chemical Thermodynamics ",
volume = "77",
number = "",
pages = "40 - 45",
year = "2014",
note = "",
issn = "0021-9614",
doi = "http://dx.doi.org/10.1016/j.jct.2014.04.025",
url = "http://www.sciencedirect.com/science/article/pii/S0021961414001414",
author = "Urszula Doma\'nska and Klaudia Walczak and Marek Kr\'olikowski",
keywords = "Ionic liquids",
keywords = "1-Butyl-1-methylpyrrolidinium trifluoromethanesulfonate",
keywords = "1-Butyl-1-methylpyrrolidinium tricyanomethanide",
keywords = "1-Hexyl-3-methylimidazolium tetracyanoborate",
keywords = "Ternary (liquid + liquid) phase equilibrium",
keywords = "Selectivity, solute distribution ratio",
keywords = "NRTL correlation "
}

@article{B407028C,
author ="E{\ss}er, Jochen and Wasserscheid, Peter and Jess, Andreas",
title  ="Deep desulfurization of oil refinery streams by extraction with ionic liquids",
journal  ="Green Chem.",
year  ="2004",
volume  ="6",
issue  ="7",
pages  ="316-322",
publisher  ="The Royal Society of Chemistry",
doi  ="10.1039/B407028C",
url  ="http://dx.doi.org/10.1039/B407028C",
}

@Article{B511778J,
author ="Planeta, Josef and Karasek, Pavel and Roth, Michal",
title  ="Distribution of sulfur-containing aromatics between [hmim][Tf2N] and supercritical CO2: a case study for deep desulfurization of oil refinery streams by extraction with ionic liquids",
journal  ="Green Chem.",
year  ="2006",
volume  ="8",
issue  ="1",
pages  ="70-77",
publisher  ="The Royal Society of Chemistry",
doi  ="10.1039/B511778J",
url  ="http://dx.doi.org/10.1039/B511778J",
}

@Article{C1GC15196G,
author ="Hansmeier, Antje R. and Meindersma, G. Wytze and de Haan, Andre B.",
title  ="Desulfurization and denitrogenation of gasoline and diesel fuels by means of ionic liquids",
journal  ="Green Chem.",
year  ="2011",
volume  ="13",
issue  ="7",
pages  ="1907-1913",
publisher  ="The Royal Society of Chemistry",
doi  ="10.1039/C1GC15196G",
url  ="http://dx.doi.org/10.1039/C1GC15196G",
}

@article{Ito2006446,
title = "On novel processes for removing sulphur from refinery streams ",
journal = "Catalysis Today ",
volume = "116",
number = "4",
pages = "446 - 460",
year = "2006",
note = "Sulfur Removal to Produce Ultra Clean Fuel ",
issn = "0920-5861",
doi = "http://dx.doi.org/10.1016/j.cattod.2006.06.040",
url = "http://www.sciencedirect.com/science/article/pii/S0920586106004093",
author = "Eri Ito and J.A. Rob van Veen",
keywords = "Review",
keywords = "Desulphurization",
keywords = "HDS",
keywords = "Hydrodesulphurization",
keywords = "Reactive adsorption",
keywords = "Non-destructive adsorption",
keywords = "Oxidative desulphurization",
keywords = "Membrane",
keywords = "Extraction",
keywords = "FCC gasoline",
keywords = "Diesel",
keywords = "N adsorption",
keywords = "Ionic liquid",
keywords = "Precipitation",
keywords = "Biodesulphurization",
keywords = "Ultrasonic wave",
keywords = "Microwave",
keywords = "X-ray",
keywords = "Sodium desulphurization "
}

@article{Soleimani2007570,
title = "Biodesulfurization of refractory organic sulfur compounds in fossil fuels ",
journal = "Biotechnology Advances ",
volume = "25",
number = "6",
pages = "570 - 596",
year = "2007",
note = "",
issn = "0734-9750",
doi = "http://dx.doi.org/10.1016/j.biotechadv.2007.07.003",
url = "http://www.sciencedirect.com/science/article/pii/S0734975007000936",
author = "Mehran Soleimani and Amarjeet Bassi and Argyrios Margaritis",
keywords = "Biodesulfurization",
keywords = "4S pathway",
keywords = "dsz gene cluster",
keywords = "Rhodococcus",
keywords = "IGTS8",
keywords = "Recalcitrant sulfur compounds",
keywords = "Dibenzothiophene",
keywords = "Oxidative desulfurization "
}

@article{agarwalsharma,
author = {Prachi Agarwal and D. K. Sharma},
title = {Comparative Studies on the Bio-desulfurization of Crude Oil with Other Desulfurization Techniques and Deep Desulfurization through Integrated Processes},
journal = {Energy \& Fuels},
volume = {24},
number = {1},
pages = {518-524},
year = {2010},
doi = {10.1021/ef900876j},
URL = {http://dx.doi.org/10.1021/ef900876j},
eprint = {http://dx.doi.org/10.1021/ef900876j}
}

@book{el2015handbook,
  title={Handbook of Refinery Desulfurization},
  author={El-Gendy, N.S. and Speight, J.G.},
  isbn={9781466596726},
  series={Chemical Industries},
  url={https://books.google.co.in/books?id=-9eYCgAAQBAJ},
  year={2015},
  publisher={CRC Press}
}

@article{doi:10.1080/01614949808007113,
author = { Anne   Pi\'eplu  and  Odette   Saur  and  Jean-Claude  Lavalley  and  Oliver   Legendre  and  Christophe   N\'edez},
title = {Claus Catalysis and H2S Selective Oxidation},
journal = {Catalysis Reviews},
volume = {40},
number = {4},
pages = {409-450},
year = {1998},
doi = {10.1080/01614949808007113},
URL = {http://dx.doi.org/10.1080/01614949808007113},
eprint = {http://dx.doi.org/10.1080/01614949808007113}
}

@incollection{Kohl1997670,
title = "Chapter 8 - Sulfur Recovery Processes ",
booktitle = "Gas Purification (Fifth Edition) ",
publisher = "Gulf Professional Publishing",
address = "Houston",
year = "1997",
pages = "670 - 730",
isbn = "978-0-88415-220-0",
doi = "http://dx.doi.org/10.1016/B978-088415220-0/50008-2",
url = "http://www.sciencedirect.com/science/article/pii/B9780884152200500082",
author = "Arthur L. Kohl and Richard B. Nielsen"
}
